@online{seismic_interpretation,
  author  = {J. Lowell, P. Szafian and N.Tessen},
  title   = {Artificial Intelligence and Seismic Interpretation},
  year    = 2019,
  url     = {http://www.geoexpr.com/articles/2019/05/artificial-intelligence-and-seismic-interpretation},
  urldate = {2019-05-25}
}

@article{krizhevsky2012imagenet,
  title   = {Imagenet classification with deep convolutional neural networks},
  author  = {Krizhevsky, Alex and Sutskever, Ilya and Hinton, Geoffrey E},
  journal = {Advances in neural information processing systems},
  volume  = {25},
  year    = {2012}
}

@inproceedings{zhiqiang2017review,
  title        = {A review of object detection based on convolutional neural network},
  author       = {Zhiqiang, Wang and Jun, Liu},
  booktitle    = {2017 36th Chinese Control Conference (CCC)},
  pages        = {11104--11109},
  year         = {2017},
  organization = {IEEE}
}

@article{perol2018convolutional,
  title     = {Convolutional neural network for earthquake detection and location},
  author    = {Perol, Thibaut and Gharbi, Micha{\"e}l and Denolle, Marine},
  journal   = {Science Advances},
  volume    = {4},
  number    = {2},
  pages     = {e1700578},
  year      = {2018},
  publisher = {American Association for the Advancement of Science}
}

@article{das2019convolutional,
  title     = {Convolutional neural network for seismic impedance inversionCNN for seismic impedance inversion},
  author    = {Das, Vishal and Pollack, Ahinoam and Wollner, Uri and Mukerji, Tapan},
  journal   = {Geophysics},
  volume    = {84},
  number    = {6},
  pages     = {R869--R880},
  year      = {2019},
  publisher = {GeoScienceWorld}
}

@article{wu2019faultseg3d,
  title     = {FaultSeg3D: Using synthetic data sets to train an end-to-end convolutional neural network for 3D seismic fault segmentation},
  author    = {Wu, Xinming and Liang, Luming and Shi, Yunzhi and Fomel, Sergey},
  journal   = {Geophysics},
  volume    = {84},
  number    = {3},
  pages     = {IM35--IM45},
  year      = {2019},
  publisher = {Society of Exploration Geophysicists}
}

@article{xiong2018seismic,
  title     = {Seismic fault detection with convolutional neural network},
  author    = {Xiong, Wei and Ji, Xu and Ma, Yue and Wang, Yuxiang and AlBinHassan, Nasher M and Ali, Mustafa N and Luo, Yi},
  journal   = {Geophysics},
  volume    = {83},
  number    = {5},
  pages     = {O97--O103},
  year      = {2018},
  publisher = {Society of Exploration Geophysicists}
}

@techreport{chumerin2017convolutional,
  title       = {Convolutional neural network},
  author      = {Chumerin, N},
  year        = {2017},
  institution = {Tech. Rep}
}

@article{lecun1998gradient,
  title     = {Gradient-based learning applied to document recognition},
  author    = {LeCun, Yann and Bottou, L{\'e}on and Bengio, Yoshua and Haffner, Patrick},
  journal   = {Proceedings of the IEEE},
  volume    = {86},
  number    = {11},
  pages     = {2278--2324},
  year      = {1998},
  publisher = {Ieee}
}

@article{zheng2019applications,
  title     = {Applications of supervised deep learning for seismic interpretation and inversion},
  author    = {Zheng, York and Zhang, Qie and Yusifov, Anar and Shi, Yunzhi},
  journal   = {The Leading Edge},
  volume    = {38},
  number    = {7},
  pages     = {526--533},
  year      = {2019},
  publisher = {Society of Exploration Geophysicists}
}

@incollection{zhao2018seismic,
  title     = {Seismic facies classification using different deep convolutional neural networks},
  author    = {Zhao, Tao},
  booktitle = {SEG Technical Program Expanded Abstracts 2018},
  pages     = {2046--2050},
  year      = {2018},
  publisher = {Society of Exploration Geophysicists}
}

@article{di2018deep,
  title  = {Deep convolutional neural networks for seismic salt-body delineation},
  author = {Di, Haibin and Wang, Zhen and AlRegib, Ghassan},
  year   = {2018}
}
